@article{valderas2020,
  author = {Valderas, Pedro and Torres, Victoria and Pelechano, Vicente},
  year = {2020},
  month = {06},
  pages = {106370},
  title = {A Microservice Composition Approach based on the Choreography of BPMN fragments},
  volume = {127},
  journal = {Information and Software Technology}
}

@inproceedings{nadeem2022,
  author = {Nadeem, Anas and Malik, Muhammad},
  year = {2022},
  month = {10},
  pages = {6-10},
  title = {A case for microservices orchestration using workflow engines}
}

@inproceedings{heorhiadi2016,
  author={Heorhiadi, Victor and Rajagopalan, Shriram and Jamjoom, Hani and Reiter, Michael K. and Sekar, Vyas},
  booktitle={2016 IEEE 36th International Conference on Distributed Computing Systems (ICDCS)}, 
  title={Gremlin: Systematic Resilience Testing of Microservices}, 
  year={2016},
  volume={},
  number={},
  pages={57-66}
}

@book{yawlbook,
  author = {Hofstede, Arthur and van der Aalst, Wil and Adams, Michael and Russell, Nick},
  title = {Modern Business Process Automation: YAWL and Its Support Environment},
  year = {2009},
  isbn = {364203120X},
  publisher = {Springer Publishing Company, Incorporated},
  edition = {1st}
}

@article{AGUIRRE2019,
	year = 2019,
	publisher = {Cambridge University Press ({CUP})},
	volume = {29},
	author = {ALEJANDRO AGUIRRE and GILLES BARTHE and MARCO GABOARDI and DEEPAK GARG and PIERRE-YVES STRUB},
	title = {A relational logic for higher-order programs},
	journal = {Journal of Functional Programming}
}

@book{z-notation,
author = {Spivey, J. M.},
title = {The Z Notation: A Reference Manual},
year = {1989},
isbn = {013983768X},
publisher = {Prentice-Hall, Inc.},
address = {USA}
}

@book{beizer1990,
author = {Beizer, Boris},
title = {Software Testing Techniques (2nd Ed.)},
year = {1990},
isbn = {0442206720},
publisher = {Van Nostrand Reinhold Co.},
address = {USA}
}

@book{SWEBOK2014,
  edition = {Version 3.0},
  editor = {Bourque, Pierre and Fairley, Richard E.},
  groups = {public},
  interhash = {71f2a73744854489fa230b28723bbf1f},
  intrahash = {0a639ccf1021eb07ebe986475b2b4ea7},
  isbn = {978-0-7695-5166-1},
  keywords = {01841 103 ieee book software engineering guide},
  publisher = {IEEE Computer Society},
  timestamp = {2018-04-16T12:18:50.000+0200},
  title = {{SWEBOK}: Guide to the Software Engineering Body of Knowledge},
  url = {http://www.swebok.org/},
  year = 2014
}

@article{Beschastnikh2016,
author = {Beschastnikh, Ivan and Wang, Patty and Brun, Yuriy and Ernst, Michael D.},
title = {Debugging Distributed Systems},
year = {2016},
issue_date = {August 2016},
publisher = {Association for Computing Machinery},
address = {New York, NY, USA},
volume = {59},
number = {8},
issn = {0001-0782},
doi = {10.1145/2909480},
journal = {Commun. ACM},
month = {jul},
pages = {32–37},
numpages = {6}
}
ضع
@INPROCEEDINGS{quenum2018,
  author={Quenum, José G. and Aknine, Samir},
  booktitle={2018 IEEE International Conference on Services Computing (SCC)}, 
  title={Towards Executable Specifications for Microservices}, 
  year={2018},
  volume={},
  number={},
  pages={41-48},
  doi={10.1109/SCC.2018.00013}}

@INPROCEEDINGS{ma2018,
  author={Ma, Shang-Pin and Fan, Chen-Yuan and Chuang, Yen and Lee, Wen-Tin and Lee, Shin-Jie and Hsueh, Nien-Lin},
  booktitle={2018 IEEE 42nd Annual Computer Software and Applications Conference (COMPSAC)}, 
  title={Using Service Dependency Graph to Analyze and Test Microservices}, 
  year={2018},
  volume={02},
  number={},
  pages={81-86},
  doi={10.1109/COMPSAC.2018.10207}}
  
  @INPROCEEDINGS{pietrantuono2018,
  author={Pietrantuono, Roberto and Russo, Stefano and Guerriero, Antonio},
  booktitle={2018 IEEE 29th International Symposium on Software Reliability Engineering (ISSRE)}, 
  title={Run-Time Reliability Estimation of Microservice Architectures}, 
  year={2018},
  volume={},
  number={},
  pages={25-35},
  doi={10.1109/ISSRE.2018.00014}}
  
  @INPROCEEDINGS{lotz2019,
  author={Lotz, Jannik and Vogelsang, Andreas and Benderius, Ola and Berger, Christian},
  booktitle={2019 IEEE International Conference on Software Architecture Companion (ICSA-C)}, 
  title={Microservice Architectures for Advanced Driver Assistance Systems: A Case-Study}, 
  year={2019},
  volume={},
  number={},
  pages={45-52},
  doi={10.1109/ICSA-C.2019.00016}}
  
  @INPROCEEDINGS{kargar2018,
  author={Kargar, Mohammad Javad and Hanifizade, Alireza},
  booktitle={2018 4th International Conference on Web Research (ICWR)}, 
  title={Automation of regression test in microservice architecture}, 
  year={2018},
  volume={},
  number={},
  pages={133-137},
  doi={10.1109/ICWR.2018.8387249}}
  
  @INPROCEEDINGS{christos2019,
  author={Großmann, Marcel and Ioannidis, Christos},
  booktitle={2019 IEEE Conference on Network Softwarization (NetSoft)}, 
  title={Continuous Integration of Applications for ONOS}, 
  year={2019},
  volume={},
  number={},
  pages={213-217},
  doi={10.1109/NETSOFT.2019.8806696}}
  
  
@inproceedings{camargo2016,
author = {Camargo, André and Salvadori, Ivan and Mello, Ronaldo and Siqueira, Frank},
year = {2016},
month = {11},
pages = {422-429},
title = {An architecture to automate performance tests on microservices},
doi = {10.1145/3011141.3011179}
}

@INPROCEEDINGS{sharma2019,
  author={Sharma, Sachin and Uniyal, Navdeep and Tola, Besmir and Jiang, Yuming},
  booktitle={2019 IEEE Conference on Network Softwarization (NetSoft)}, 
  title={On Monolithic and Microservice Deployment of Network Functions}, 
  year={2019},
  volume={},
  number={},
  pages={387-395},
  doi={10.1109/NETSOFT.2019.8806705}}

@inbook{camilli2018,
author = {Camilli, Matteo and Bellettini, Carlo and Capra, Lorenzo and Monga, Mattia},
year = {2018},
month = {02},
pages = {187-202},
title = {A Formal Framework for Specifying and Verifying Microservices Based Process Flows},
isbn = {978-3-319-74780-4},
doi = {10.1007/978-3-319-74781-1_14}
}

@INPROCEEDINGS{schulz2019,
  author={Schulz, Henning and Angerstein, Tobias and Okanović, Dušan and van Hoorn, André},
  booktitle={2019 IEEE 27th International Symposium on Modeling, Analysis, and Simulation of Computer and Telecommunication Systems (MASCOTS)}, 
  title={Microservice-Tailored Generation of Session-Based Workload Models for Representative Load Testing}, 
  year={2019},
  volume={},
  number={},
  pages={323-335},
  doi={10.1109/MASCOTS.2019.00043}
}

@book{buildingmicroservicesbook,
  author = {Newman Sam},
  title = {Building Microservices},
  year = {2015},
  isbn = {9781491950357},
  publisher = {O'Reilly Media, Inc.},
  edition = {2nd}
}

@online{netflixsample2015,
  author = {SmartBear Software},
  title = {Why You Can't Talk About Microservices Without Mentioning Netflix},
  year = 2015,
  url = {https://smartbear.com/blog/why-you-cant-talk-about-microservices-without-ment/#:~:text=The%20microservices%20architecture%20allowed%20Netflix,rollback%20if%20there%20were%20problems.},
  urldate = {2023-05-19}
}

@inproceedings{Zhou2018,
author = {Zhou, Hao and Chen, Ming and Lin, Qian and Wang, Yong and She, Xiaobin and Liu, Sifan and Gu, Rui and Ooi, Beng Chin and Yang, Junfeng},
title = {Overload Control for Scaling WeChat Microservices},
year = {2018},
isbn = {9781450360111},
publisher = {Association for Computing Machinery},
numpages = {13},
series = {SoCC '18}
}

@INPROCEEDINGS{waseem2020,
  author={Waseem, Muhammad and Liang, Peng and Márquez, Gastón and Salle, Amleto Di},
  booktitle={2020 27th Asia-Pacific Software Engineering Conference (APSEC)}, 
  title={Testing Microservices Architecture-Based Applications: A Systematic Mapping Study}, 
  year={2020},
  volume={},
  number={},
  pages={119-128},
  doi={10.1109/APSEC51365.2020.00020}}


@book{msavssoa2016,
  author = {Richards Mark},
  title = {Microservices vs. Service-Oriented Architecture},
  year = {2016},
  isbn = {9781491941607},
  publisher = {O'Reilly Media, Inc.},
  edition = {1st}
}

@INPROCEEDINGS{rivadeh2022,
  author={Rivadeh, Mehran and Mirian Hosseinabadi, SH},
  year = {2022},
  month = {11},
  title = {Formal translation of YAWL workflow models to the Alloy formal specifications: a testing application},
  doi = {10.1007/978-3-319-74781-1_14}
}

@book{alloybook,
author = {Jackson, Daniel},
title = {Software Abstractions: Logic, Language, and Analysis},
year = {2012},
isbn = {0262017156},
publisher = {The MIT Press},
}

@online{fowlermsa2014,
  author = {Lewis, James and Fowler, Martin},
  title = {Microservices, a definition of this new architectural term},
  year = 2014,
  url = {https://martinfowler.com/articles/microservices.html},
  urldate = {2023-05-20}
}

@inproceedings{mazzara2005,
author = {Mazzara, Manuel and Govoni, Sergio},
year = {2005},
month = {04},
pages = {1-16},
title = {A Case Study of Web Services Orchestration},
volume = {3454},
isbn = {978-3-540-25630-4},
doi = {10.1007/11417019_1}
}

@ARTICLE{peltz2003,
  author={Peltz, C.},
  journal={Computer}, 
  title={Web services orchestration and choreography}, 
  year={2003},
  volume={36},
  number={10},
  pages={46-52},
  doi={10.1109/MC.2003.1236471}}

@article{oetsch2012,
author = {Oetsch, Johannes and Prischink, M. and Pührer, Jörg and Schwengerer, Martin and Tompits, Hans},
year = {2012},
month = {01},
pages = {43-53},
title = {On the small-scope hypothesis for testing answer-set programs},
journal = {13th International Conference on the Principles of Knowledge Representation and Reasoning, KR 2012}
}

@article{jackson2019,
author = {Jackson, Daniel},
title = {Alloy: A Language and Tool for Exploring Software Designs},
year = {2019},
issue_date = {September 2019},
publisher = {Association for Computing Machinery},
address = {New York, NY, USA},
volume = {62},
number = {9},
issn = {0001-0782},
url = {https://doi.org/10.1145/3338843},
doi = {10.1145/3338843},
journal = {Commun. ACM},
month = {aug},
pages = {66–76},
numpages = {11}
}

@book{testingbook,
author = {Ammann, Paul and Offutt, Jeff},
title = {Introduction to Software Testing},
year = {2017},
isbn = {9781107172012},
publisher = {Cambridge University Press},
address = {USA},
edition = {2nd},
}